
@misc{webScrap,
	author = "Sergio Koller",
	title = "¿Qué es el web scraping?",
	note = "[Internet; Accedido 12-noviembre-2022]", 
	year = "2021",
	howpublished="\url{https://seranking.com/es/blog/web-scraping/}"	
}
@misc{backend,
	author = "SEOESTUDIOS",
	title = "Qué es backend y por qué es tan importante para tu web",
	note = "[Internet; Accedido 30-noviembre-2022]", 
	year = "2020",
	howpublished="\url{https://www.seoestudios.es/que-es-backend-web/}"	
}
@misc{frontend,
	author = "Piotr Stefaniak",
	title = "¿Qué es Back end y Front end?",
	note = "[Internet; Accedido 30-noviembre-2022]", 
	howpublished="\url{https://descubrecomunicacion.com/que-es-backend-y-frontend/}"	
}

@misc{framework,
	author = "illusionstudio",
	title = "¿Qué es un framework web y qué ventajas aportan?",
	note = "[Internet; Accedido 30-noviembre-2022]", 
	year = "2018",
	howpublished="\url{https://www.illusionstudio.es/que-es-un-framework-web}"	
}

@misc{heroku_students,
	author = "Heroku",
	title = "Heroku para estudiantes de GitHub",
	note = "[Internet; Accedido 16-noviembre-2022]", 
	year = "2022",
	howpublished="\url{https://www.heroku.com/github-students}"	
}

@misc{jsoup,
	author = "jsoup",
	title = "jsoup: Java HTML Parser",
	note = "[Internet; Accedido 16-noviembre-2022]", 
	howpublished="\url{https://jsoup.org/}"	
}

@misc{HTMLUNIT,
	author = "HTMLUnit",
	title = "HtmlUnit",
	note = "[Internet; Accedido 16-noviembre-2022]", 
	howpublished="\url{https://htmlunit.sourceforge.io/}"	
}

@misc{Pencil_project,
	author = "Evolus",
	title = "Pencil Project",
	note = "[Internet; Accedido 25-noviembre-2022]", 
	year = "2019",
	howpublished="\url{https://pencil.evolus.vn/}"	
}
@misc{Northflank,
	author = "Nube Colectiva",
	title = "Heroku Ya No Es Gratis, Aquí Estan Las 5 Mejores Alternativas",
	note = "[Internet; Accedido 12-noviembre-2022]", 
	year = "2022",
	howpublished="\url{https://blog.nubecolectiva.com/heroku-ya-no-es-gratis-aqui-estan-las-5-mejores-alternativas/#Las_5_Mejores_Alternativas_a_Heroku}"	
}
@misc{Vaadin,
	author = "Ari Handler Gamboa",
	title = "Introducción a Vaadin",
	note = "[Internet; Accedido 5-octubre-2022]", 
	year = "2015",
	howpublished="\url{https://www.adictosaltrabajo.com/2015/11/30/introduccion-a-vaadin/}"	
}

@misc{latex,
	author = "Wikipedia",
	title = "Latex",
	note = "[Internet; Accedido 7-octubre-2022]", 
	howpublished="\url{https://es.wikipedia.org/wiki/LaTeX}"	
}

@misc{TexStudio,
	author = "Damián A.",
	title = "TeXstudio, un entorno de escritura para crear documentos LaTeX",
	note = "[Internet; Accedido 7-octubre-2022]", 
	year = "2018",
	howpublished="\url{https://ubunlog.com/texstudio-crear-documentos-latex/}"	
}

@misc{MikTex,
	author = "EcuRed",
	title = "MiKTeX",
	note = "[Internet; Accedido 7-octubre-2022]", 
	howpublished="\url{https://www.ecured.cu/MiKTeX}"	
}

@misc{Overleaf,
	author = "UC3M",
	title = "OVERLEAF - EDITOR ONLINE LATEX",
	note = "[Internet; Accedido 7-octubre-2022]", 
	howpublished="\url{https://www.uc3m.es/sdic/servicios/overleaf}"	
}