@misc{ Gestor-TFG-2021,
	author = "Diana Briongos",
	title = "Gestor-TFG-2021",
	note = "[Internet; accedido 9-octubre-2022]",
	howpublished="\url{https://github.com/dbo1001/Gestor-TFG-2021}"   
}

@misc{ SalarioProgramador,
	author = "Talent.com",
	title = "Salario medio para Programador en España, 2022",
	note = "[Internet; accedido 14-diciembre-2022]",
	howpublished="\url{https://es.talent.com/salary?job=programador#:~:text=%C2%BFCu%C3%A1nto%20gana%20un%20Programador%20en,hasta%20%E2%82%AC%2037.500%20al%20a%C3%B1o.}{Talent.com}"   
}

@misc{ Requisito,
	author = "Alonso",
	title = "Los requisitos del proyecto y su gestión",
	note = "[Internet; accedido 17-diciembre-2022]",
	howpublished="\url{http://www.losproyectos.org/los-requisitos-del-proyecto-y-su-gestion/#:~:text=Los%20requisitos%20o%20requerimientos%20son,cumplir%20los%20requisitos%20del%20producto.}"   
}

@misc{ Singleton,
	author = "Refactoring Guru",
	title = "Singleton",
	note = "[Internet; accedido 15-enero-2023]",
	howpublished="\url{https://refactoring.guru/es/design-patterns/singleton}"   
}